@article{article,
author = {Jia, Maoshen and Li, Tianhao and Wang, Jing},
year = {2020},
month = {09},
pages = {1483},
title = {Audio Fingerprint Extraction Based on Locally Linear Embedding for Audio Retrieval System},
volume = {9},
journal = {Electronics},
doi = {10.3390/electronics9091483}
}

@article{einstein,
    author = "Albert Einstein",
    title = "{Zur Elektrodynamik bewegter K{\"o}rper}. ({German})
    [{On} the electrodynamics of moving bodies]",
    journal = "Annalen der Physik",
    volume = "322",
    number = "10",
    pages = "891--921",
    year = "1905",
    DOI = "http://dx.doi.org/10.1002/andp.19053221004",
    keywords = "physics"
}